@online{EstadisticaMGAP,
title={{Estadisticas del MGAP}},
author={{MGAP}},
url={http://www.mgap.gub.uy/sites/default/files/informe_cotryba_0.pdf},
year =2017,
urldate ={2017-03-01},
}

@online{NotaObsevador1,
title={{Nota del observador: alojamientos}},
author={{El Observador}},
url={https://www.elobservador.com.uy/nota/-con-quien-dejar-a-la-mascota-durante-las-vacaciones--20181219300},
year =2018,
urldate ={2018-01-02},
}

@online{NotaObsevador2,
title={{Nota del observador: como en casa}},
author={{Portal El Observador}},
url={https://www.elobservador.com.uy/nota/si-se-va-de-vacaciones-puede-dejar-a-su-mascota-como-en-casa--201813500},
year =2018,
urldate ={2018-01-02},
}

@online{18471,
title={{Ley NÂº 18471}},
author={{Parlamento uruguayo}},
url={https://www.impo.com.uy/bases/leyes/18471-2009},
year =2009,
urldate ={2009-04-21},
}



